%% This BibTeX bibliography file was created using BibDesk.
%% http://bibdesk.sourceforge.net/


%% Created for Pedro Cruz Sousa at 2013-06-11 16:35:32 +0100 


%% Saved with string encoding Unicode (UTF-8) 


@misc{w3c-poi,
  author = {A. Hill and M. Womer},
  title = {{W3C Points of Interest Core}},
  howpublished = "\url{http://www.w3.org/2010/POI/documents/Core/core-20111216.html}",
  year = {2012}, 
  note = "[Online; accessed 11-June-2013]"
}

@misc{fielding,
  author = {Roy Fielding},
  title = {{Representational State Transfer (REST)}},
  howpublished = "\url{http://www.ics.uci.edu/~fielding/pubs/dissertation/rest_arch_style.htm}",
  year = {2000}, 
  note = "[Online; accessed 12-June-2013]"}

@misc{uri-template,
  author = {IETF},
  title = {{URI Template}},
  howpublished = "\url{http://tools.ietf.org/html/rfc6570}",
  year = {}, 
  note = "[Online; accessed 12-June-2013]"}

@article{1509968,
	Author = {Akyildiz, I.F. and Xudong Wang},
	Journal = {Communications Magazine IEEE},
	Month = {sep.},
	Number = {9},
	Pages = {23--30},
	Title = {A survey on wireless mesh networks},
	Volume = {43},
	Year = {2005}}

@article{papazoglou2007,
	Author = {Papazoglou, M.P. and {Van den Heuvel},W.-J.},
	Journal = {{The VLDB Journal - The International Journal on Very Large Data Bases}},
	Number = {3},
	Pages = {415},
	Publisher = {Springer-Verlag New York, Inc.},
	Title = {{Service oriented architectures: approaches, technologies and research issues}},
	Volume = {16},
	Year = {2007}}
	
	@article{monsieur2012,
	Author = {Geert Monsieur and Monique Snoeck and Wilfried Lemahieu},
	Journal = {Journal of Systems and Software},
	Title = {Managing data dependencies in service compositions},
	Number = {11},
	Volume = {85},
	Page = {2604--2628},
	Year = {2012}}